@article{visupol,
    author = "Chide Groenouwe",
    title = "Visually Embodying Well-Typedness of Algebraic Data Structures through Maramafications",
    year = "2016",
    DOI = "papers/visupol.pdf"
}

@article{transp,
    author = "Douwe Schulte and Chide Groenouwe",
    title = "Global project definition Marama ADT transpiler",
    year = "2018",
    DOI = "papers/marama-transpiler.pdf"
}
